# Put your BibTeX entries in this file.
@inproceedings{icl:958,
  author      = {Hoque, R. and Herault, T. and Bosilca, G. and Dongarra, J.},
  title       = {{Dynamic Task Discovery in PaRSEC- A data-flow task-based Runtime}},
  booktitle   = {ScalA17: 8th Workshop on Latest Advances in Scalable Algorithms for LargeScale Systems},
  institution = {Innovative Computing Laboratory, University of Tennessee},
  address     = {Denver, CO},
  month       = {November},
  year        = {2017}
}
