@techreport{FleCSI,
 author = {Bergen, Ben and Demeshko, Irina and Moss, Nick},
 title = {{FleCSI}: The Flexible Computational Science Infrastructure},
 institution = {Los Alamos National Laboratory},
 year = {2015},
 keywords = {FleCSI, Ristra, parallel programming, Legion}
}

@article{Logg:2010:DAF:1731022.1731030,
 author = {Logg, Anders and Wells, Garth N.},
 title = {{DOLFIN}: Automated Finite Element Computing},
 journal = {ACM Trans. Math. Softw.},
 issue_date = {April 2010},
 volume = {37},
 number = {2},
 month = apr,
 year = {2010},
 issn = {0098-3500},
 pages = {20:1--20:28},
 articleno = {20},
 numpages = {28},
 url = {http://doi.acm.org/10.1145/1731022.1731030},
 doi = {10.1145/1731022.1731030},
 acmid = {1731030},
 publisher = {ACM},
 address = {New York, NY, USA},
 keywords = {DOLFIN, FEniCS project, code generation, form compiler},
}

@inproceedings{TheMPIForum:1993:MMP:169627.169855,
 author = {The MPI Forum, CORPORATE},
 title = {{MPI}: A Message Passing Interface},
 booktitle = {Proceedings of the 1993 ACM/IEEE Conference on Supercomputing},
 series = {Supercomputing '93},
 year = {1993},
 isbn = {0-8186-4340-4},
 location = {Portland, Oregon, USA},
 pages = {878--883},
 numpages = {6},
 url = {http://doi.acm.org/10.1145/169627.169855},
 doi = {10.1145/169627.169855},
 acmid = {169855},
 publisher = {ACM},
 address = {New York, NY, USA},
}

@inproceedings{Bauer:2012:LEL:2388996.2389086,
 author = {Bauer, Michael and Treichler, Sean and Slaughter, Elliott and Aiken, Alex},
 title = {Legion: Expressing Locality and Independence with Logical Regions},
 booktitle = {Proceedings of the International Conference on High Performance Computing, Networking, Storage and Analysis},
 series = {SC '12},
 year = {2012},
 isbn = {978-1-4673-0804-5},
 location = {Salt Lake City, Utah},
 pages = {66:1--66:11},
 articleno = {66},
 numpages = {11},
 url = {http://dl.acm.org/citation.cfm?id=2388996.2389086},
 acmid = {2389086},
 publisher = {IEEE Computer Society Press},
 address = {Los Alamitos, CA, USA},
}

@inproceedings{Kale:1993:CPC:165854.165874,
 author = {Kale, Laxmikant V. and Krishnan, Sanjeev},
 title = {CHARM++: A Portable Concurrent Object Oriented System Based on C++},
 booktitle = {Proceedings of the Eighth Annual Conference on Object-oriented Programming Systems, Languages, and Applications},
 series = {OOPSLA '93},
 year = {1993},
 isbn = {0-89791-587-9},
 location = {Washington, D.C., USA},
 pages = {91--108},
 numpages = {18},
 url = {http://doi.acm.org/10.1145/165854.165874},
 doi = {10.1145/165854.165874},
 acmid = {165874},
 publisher = {ACM},
 address = {New York, NY, USA},
}

@article{Kale:1993:CPC:167962.165874,
 author = {Kale, Laxmikant V. and Krishnan, Sanjeev},
 title = {{CHARM}++: A Portable Concurrent Object Oriented System Based on C++},
 journal = {SIGPLAN Not.},
 issue_date = {Oct. 1, 1993},
 volume = {28},
 number = {10},
 month = oct,
 year = {1993},
 issn = {0362-1340},
 pages = {91--108},
 numpages = {18},
 url = {http://doi.acm.org/10.1145/167962.165874},
 doi = {10.1145/167962.165874},
 acmid = {165874},
 publisher = {ACM},
 address = {New York, NY, USA},
}

@inproceedings{Edwards:2012:KAP:2141702.2141703,
 author = {Edwards, H. Carter and Sunderland, Daniel},
 title = {Kokkos Array Performance-portable Manycore Programming Model},
 booktitle = {Proceedings of the 2012 International Workshop on Programming Models and Applications for Multicores and Manycores},
 series = {PMAM '12},
 year = {2012},
 isbn = {978-1-4503-1211-0},
 location = {New Orleans, Louisiana},
 pages = {1--10},
 numpages = {10},
 url = {http://doi.acm.org/10.1145/2141702.2141703},
 doi = {10.1145/2141702.2141703},
 acmid = {2141703},
 publisher = {ACM},
 address = {New York, NY, USA},
 keywords = {GPU, manycore, mini-application, multicore, multidimensional array},
}
