# Put your BibTeX entries in this file.

@INPROCEEDINGS{cinema:Ahrens:SC14,
	author={J. {Ahrens} and S. {Jourdain} and P. {OLeary} and J. {Patchett} and D. H. {Rogers} and M. {Petersen}},
	booktitle={SC '14: Proceedings of the International Conference for High Performance Computing, Networking, Storage and Analysis},
	title={An Image-Based Approach to Extreme Scale in Situ Visualization and Analysis},
	year={2014},
	volume={},
	number={},
	pages={424-434},
	doi={10.1109/SC.2014.40},
	ISSN={},
	month={Nov},
}