@misc{LLVMPAR:rfc,
  author = {Vikram Adve and Hal Finkel and Maria Kotsifakou and Tao Schardl and George Stelle and Xinmin Tian},
  title = {RFC: An Extension Mechanism for Parallel Compilers Based on LLVM},
  url = {http://lists.llvm.org/pipermail/llvm-dev/2018-October/126971.html}
}

@misc{LLVM:2018, 
	author = "{LLVM Compiler Infrastructure}",
	title = "{LLVM Compiler Infrastructure}",
	howpublished = {\url{http://www.llvm.org}}
}

@misc{EuroLLVM:2018, 
	author = "{2018 European LLVM Developers Meeting}", 
	title = "{2018 European LLVM Developers Meeting}", 
	howpublished = {\url{https://llvm.org/devmtg/2018-04/}}
}

@inproceedings{Stelle:2017, 
 author = {Stelle, George and Moses, William S. and Olivier, Stephen L. and McCormick, Patrick},
 title = {OpenMPIR: Implementing OpenMP Tasks with Tapir},
 booktitle = {Proceedings of the Fourth Workshop on the LLVM Compiler Infrastructure in HPC},
 series = {LLVM-HPC'17},
 year = {2017},
 isbn = {978-1-4503-5565-0},
 location = {Denver, CO, USA},
 pages = {3:1--3:12},
 articleno = {3},
 numpages = {12},
 url = {http://doi.acm.org/10.1145/3148173.3148186},
 doi = {10.1145/3148173.3148186},
 acmid = {3148186},
 publisher = {ACM},
 address = {New York, NY, USA},
} 

@misc{Flang:2018,
        author = "{Flang Fortran Compiler}", 
        title = "{Flang Fortran Compiler}", 
        howpublished = {\url{https://github.com/flang-compiler/flang}}
}


@article{2.3.6.01:kitsune:Schardl:2017,
 author = {Schardl, Tao B. and Moses, William S. and Leiserson, Charles E.},
 title = {Tapir: Embedding Fork-Join Parallelism into LLVM's Intermediate Representation},
 journal = {SIGPLAN Not.},
 issue_date = {August 2017},
 volume = {52},
 number = {8},
 month = jan,
 year = {2017},
 issn = {0362-1340},
 pages = {249--265},
 numpages = {17},
 url = {http://doi.acm.org/10.1145/3155284.3018758},
 doi = {10.1145/3155284.3018758},
 acmid = {3018758},
 publisher = {ACM},
 address = {New York, NY, USA},
 keywords = {cilk, compiling, control-flow graph, fork-join parallelism, llvm, multicore, openmp, optimization, par- allel computing, serial semantics, tapir},
} 
