# Put your BibTeX entries in this file.
@incollection{xGA_GAMESS,
  title={Advances in electronic structure theory: {GAMESS} a decade later},
  author={Gordon, Mark S and Schmidt, Michael W},
  booktitle={Theory and applications of computational chemistry},
  pages={1167--1189},
  year={2005},
  publisher={Elsevier}
}

@inproceedings{xGA_GRIDPACK,
  title={{GridPACK}: a framework for developing power grid simulations on high performance computing platforms},
  author={Palmer, Bruce and Perkins, William and Chen, Yousu and Jin, Shuangshuang and Callahan, David and Glass, Kevin and Diao, Ruisheng and Rice, Mark and Elbert, Stephen and Vallem, Mallikarjuna and others},
  booktitle={Proceedings of the Fourth International Workshop on Domain-Specific Languages and High-Level Frameworks for High Performance Computing},
  pages={68--77},
  year={2014},
  organization={IEEE Press}
}

@inproceedings{xGA_COMEX,
  title={On the suitability of MPI as a {PGAS} runtime},
  author={Daily, Jeff and Vishnu, Abhinav and Palmer, Bruce and van Dam, Hubertus and Kerbyson, Darren},
  booktitle={High Performance Computing (HiPC), 2014 21st International Conference on},
  pages={1--10},
  year={2014},
  organization={IEEE}
}

@article{xGA_QMCPACK,
  author={Jeongnim Kim and Andrew Baczewski and Todd Beaudet and Anouar Benali and Chandler Bennett and Mark Berrill and Nick Blunt and Edgar Josue Landinez Borda and Michele Casula and David Ceperley and Simone Chiesa and bryan K clark and Raymond Clay and Kris Delaney and Mark Dewing and Ken Esler and Hongxia Hao and Olle Heinonen and Paul R C Kent and Jaron T. Krogel and Ilkka Kylanpaa and Ying Wai Li and M. Graham Lopez and Ye Luo and Fionn Malone and Richard Martin and Amrita Mathuriya and Jeremy McMinis and Cody Melton and Lubos Mitas and Miguel A. Morales and Eric Neuscamman and William Parker and Sergio Flores and Nichols A Romero and Brenda Rubenstein and Jacqueline Shea and Hyeondeok Shin and Luke Shulenburger and Andreas Tillack and Joshua Townsend and Norman Tubman and Brett van der Goetz and Jordan Vincent and D. ChangMo Yang and Yubo Yang and Shuai Zhang and Luning Zhao},
  title={{QMCPACK} : An open source ab initio Quantum Monte Carlo package for the electronic structure of atoms, molecules, and solids},
  journal={Journal of Physics: Condensed Matter},
  url={http://iopscience.iop.org/10.1088/1361-648X/aab9c3},
  year={2018}
}
    
@article{xGA_NWCHEM,
  title={NWChem: a comprehensive and scalable open-source solution for large scale molecular simulations},
  author={Valiev, Marat and Bylaska, Eric J and Govind, Niranjan and Kowalski, Karol and Straatsma, Tjerk P and Van Dam, Hubertus JJ and Wang, Dunyou and Nieplocha, Jarek and Apra, Edoardo and Windus, Theresa L and others},
  journal={Computer Physics Communications},
  volume={181},
  number={9},
  pages={1477--1489},
  year={2010},
  publisher={Elsevier}
}

