# Put your BibTeX entries in this file.

@inproceedings{FTI,
        series = {{SC} '11},
        title = {{FTI}: High Performance Fault Tolerance Interface for Hybrid Systems},
        booktitle = {Proceedings of 2011 International Conference for High Performance Computing, Networking, Storage and Analysis},
        publisher = {{ACM}},
        author = {Bautista-Gomez, Leonardo and Tsuboi, Seiji and Komatitsch, Dimitri and Cappello, Franck and Maruyama, Naoya and Matsuoka, Satoshi},
        year = {2011}
}

@inproceedings{SCR,
        title = {{Design, Modeling, and Evaluation of a Scalable Multi-level Checkpointing System}},
        booktitle = {Proceedings of the 2010 International Conference for High Performance Computing, Networking, Storage and Analysis ({SC'10})},
        author = {Adam Moody and Greg Bronevetsky and Kathryn Mohror and Bronis de Supinski},
        year = {2010}
}


