inproceedings{Bachan:paw17,
author = {Bachan, John and Bonachea, Dan and Hargrove, Paul H. and Hofmeyr, Steve and Jacquelin, Mathias and Kamil, Amir and van Straalen, Brian and Baden, Scott B.},
title = {The {UPC++} {PGAS} Library for Exascale Computing},
booktitle = {Proceedings of the Second Annual PGAS Applications Workshop},
series = {PAW17},
year = {2017},
isbn = {978-1-4503-5123-2},
location = {Denver, CO, USA},
pages = {7:1--7:4},
articleno = {7},
numpages = {4},
note = {\url{http://doi.acm.org/10.1145/3144779.3169108}},
doi = {10.1145/3144779.3169108},
acmid = {3169108},
publisher = {ACM},
address = {New York, NY, USA},
keywords = {Exascale computing, Global Address Space, PGAS, UPC++},
} 

TechReport{gasnet-spec,
author =       "Dan Bonachea and Paul Hargrove",
title =        "{GASNet} Specification, v1.8.1",
institution =  {Lawrence Berkeley National Laboratory},
number =       {LBNL-2001064},
note =          {\url{http://escholarship.org/uc/item/03b5g0q4}},
month =        "August",
year =         2017
}

INPROCEEDINGS{zheng:ipdps14,
author={Y. Zheng and A. Kamil and M. B. Driscoll and H. Shan and K. Yelick},
booktitle={2014 IEEE 28th International Parallel and Distributed Processing Symposium},
title={{UPC}++: A {PGAS} Extension for {C++}},
year={2014},
ages={1105-1114},
keywords={C++ language;data models;object-oriented programming;parallel programming;C++ language;C++ templates;PGAS language extension;SPMD model;UPC++;asynchronous remote function invocation;compiler-free approach;complex scientific applications;large random-access ata;lightweight one-sided communication;locality control;multidimensional arrays;object-oriented PGAS programming model;parallel programming systems;partitioned global address space languages;representative supercomputers;runtime libraries;static single program multiple data odel;Arrays;Electronics packaging;Instruction sets;Libraries;Programming;Syntactics;Titanium;PGAS;Parallel Computing;Parallel Programming;Programming System},
doi={10.1109/IPDPS.2014.115},
note={\url{https://ieeexplore.ieee.org/document/6877339/}},
ISSN={1530-2075},
month={May},
}


