# Put your BibTeX entries in this file.

@InCollection{VisIt,
  author = {Hank Childs and Eric Brugger and Brad Whitlock and Jeremy Meredith and Sean Ahern and David Pugmire and Kathleen Biagas and Mark Miller and Cyrus Harrison and Gunther H. Weber and Hari Krishnan and Thomas Fogal and Allen Sanderson and Christoph Garth and E. Wes Bethel and David Camp and Oliver R\"{u}bel and Marc Durant and Jean M. Favre  and Paul Navr\'{a}til},
  title = {{VisIt: An End-User Tool For Visualizing and Analyzing Very Large Data}},
   year =      "2012",
   pages = "357--372",
  month = oct,
  booktitle = {{High Performance Visualization---Enabling Extreme-Scale Scientific Insight}},
  publisher = {CRC Press/Francis--Taylor Group},
}

@inproceedings{ASCENT,
        author = {Larsen, Matthew and Ahrens, James and Ayachit, Utkarsh and Brugger, Eric and Childs, Hank and Geveci, Berk and Harrison, Cyrus},
        title = {{The ALPINE In Situ Infrastructure: Ascending from the Ashes of Strawman}},
        booktitle = {Proceedings of the Third Workshop of In Situ Infrastructures for Enabling Extreme-Scale Analysis and Visualization (ISAV), held in conjunction with SC17},
        month = oct,
        year = {2017},
        address = {Denver, CO, USA},
}


@misc{paraview1,
  title={{The ParaView guide: a parallel visualization application}},
  author={Ayachit, Utkarsh},
  year={2015},
  publisher={Kitware, Inc.}
}

@article{paraview2,
  title={{ParaView: An end-user tool for large-data visualization}},
  author={Ahrens, James and Geveci, Berk and Law, Charles},
  journal={The visualization handbook},
  year={2005},
}


@inproceedings{LibSim,
  title={Parallel in situ coupling of simulation with a fully featured visualization system},
  author={Whitlock, Brad and Favre, Jean and Meredith, Jeremy},
  booktitle={Proceedings of the 11th Eurographics Conference on Parallel Graphics and Visualization (EGPGV)},
  year={2011}
}

inproceedings{Catalyst,
title={Paraview catalyst: Enabling in situ data analysis and visualization},
author={Ayachit, Utkarsh and Bauer, Andrew and Geveci, Berk and O'Leary, Patrick and Moreland, Kenneth and Fabian, Nathan and Mauldin, Jeffrey},
booktitle={Proceedings of the First Workshop on In Situ Infrastructures for Enabling Extreme-Scale Analysis and Visualization},
pages={25--29},
year={2015},
organization={ACM}
}
