# Put your BibTeX entries in this file.
@inproceedings{zfp-jsm2017,
  author = "Peter Lindstrom",
  title = "Error Distributions of Lossy Floating-Point Compressors",
  booktitle = "JSM 2017 Proceedings",
  year = "2017",
  pages = "2574--2589"
}

@inproceedings{zfp-isc2017,
  author = "Stephen Hamilton and Randal Burns and Charles Meneveau and Perry Johnson and Peter Lindstrom and John Patchett and Alexander Szalay",
  title = "Extreme Event Analysis in Next Generation Simulation Architectures",
  booktitle = "ISC High Performance 2017",
  year = "2017",
  pages = "277--293",
  doi = "10.1007/978-3-319-58667-0_15"
}

@misc{zfp-isc2017-tut,
  author = "Franck Cappello and Peter Lindstrom",
  title = "Compression of scientific data",
  howpublished = "ISC High Performance 2017 Tutorials",
  year = "2017"
}

@misc{zfp-sc2017-tut,
  author = "Franck Cappello and Peter Lindstrom",
  title = "Compression of scientific data",
  howpublished = "IEEE/ACM SC 2017 Tutorials",
  year = "2017"
}

@misc{zfp-ep2018-tut,
  author = "Franck Cappello and Peter Lindstrom",
  title = "Compression for scientific data",
  howpublished = "Euro-Par 2018 Tutorials",
  year = "2018"
}

@misc{zfp-sc2018-tut,
  author = "Franck Cappello and Peter Lindstrom",
  title = "Compression for scientific data",
  howpublished = "IEEE/ACM SC 2018 Tutorials",
  year = "2018"
}

@misc{zfp-code,
  author = "Peter Lindstrom and Markus Salasoo and Matthew Larsen",
  title = "{\zfp} version 0.5.4",
  year = "2018",
  month = "October",
  note = "\url{https://github.com/LLNL/zfp}"
}

@misc{zfp-docs,
  author = "Peter Lindstrom",
  title = "{\zfp} version 0.5.4 documentation",
  year = "2018",
  note = "\url{http://zfp.readthedocs.io/en/release0.5.4/}"
}
