
@techreport{abdelfattah2017roadmap,
  author={Abdelfattah, Ahmad and Anzt, Hartwig and Bouteiller, Aurelien and
          Danalis, Anthony and Dongarra, Jack and Gates, Mark and
          Haidar, Azzam and Kurzak, Jakub and Luszczek, Piotr and
          Tomov, Stanimire and Wood, Stephen and Wu, Panruo and
          Yamazaki, Ichitaro and YarKhan, Asim},
  title={{SLATE} Working Note 1: Roadmap for the Development
         of a Linear Algebra Library for Exascale Computing:
         {SLATE}: Software for Linear Algebra Targeting Exascale},
  institution={Innovative Computing Laboratory, University of Tennessee},
  year={2017},
  month={June},
  number={ICL-UT-17-02},
  note={revision 04-2018}
}

@techreport{kurzak2017designing,
  author={Kurzak, Jakub and Wu, Panruo and Gates, Mark and Yamazaki, Ichitaro
          and Luszczek, Piotr and Ragghianti, Gerald and Dongarra, Jack},
  title={{SLATE} Working Note 3: Designing {SLATE}:
         Software for Linear Algebra Targeting Exascale},
  institution={Innovative Computing Laboratory, University of Tennessee},
  year={2017},
  month={September},
  number={ICL-UT-17-06},
  note={revision 09-2017}
}

@article{ballard2011minimizing,
  title={Minimizing communication in numerical linear algebra},
  author={Ballard, Grey and Demmel, James and Holtz, Olga and Schwartz, Oded},
  journal={SIAM Journal on Matrix Analysis and Applications},
  volume={32},
  number={3},
  pages={866--901},
  year={2011},
  publisher={SIAM}
}

@article{mahoney2011randomized,
  title={Randomized algorithms for matrices and data},
  author={Mahoney, Michael W and others},
  journal={Foundations and Trends{\textregistered} in Machine Learning},
  volume={3},
  number={2},
  pages={123--224},
  year={2011},
  publisher={Now Publishers, Inc.}
}

@techreport{kurzak2018parallel,
  author={Kurzak, Jakub and Gates, Mark and YarKhan, Asim and
          Yamazaki, Ichitaro and Wu, Panruo and Luszczek, Piotr
          and Finney, Jamie and Dongarra, Jack},
  title={{SLATE} Working Note 5: Parallel {BLAS} Performance Report},
  institution={Innovative Computing Laboratory, University of Tennessee},
  year={2018},
  month={March},
  number={ICL-UT-18-01},
  note={revision 03-2018}
}
