@misc{LLVM:2018, 
	author = "{LLVM Compiler Infrastructure}",
	title = "{LLVM Compiler Infrastructure}",
	howpublished = {\url{http://www.llvm.org}}
}

@misc{EuroLLVM:2018, 
	author = "{2018 European LLVM Developers Meeting}", 
	title = "{2018 European LLVM Developers Meeting}", 
	howpublished = {\url{https://llvm.org/devmtg/2018-04/}}
}

@inproceedings{Stelle:2017, 
 author = {Stelle, George and Moses, William S. and Olivier, Stephen L. and McCormick, Patrick},
 title = {OpenMPIR: Implementing OpenMP Tasks with Tapir},
 booktitle = {Proceedings of the Fourth Workshop on the LLVM Compiler Infrastructure in HPC},
 series = {LLVM-HPC'17},
 year = {2017},
 isbn = {978-1-4503-5565-0},
 location = {Denver, CO, USA},
 pages = {3:1--3:12},
 articleno = {3},
 numpages = {12},
 url = {http://doi.acm.org/10.1145/3148173.3148186},
 doi = {10.1145/3148173.3148186},
 acmid = {3148186},
 publisher = {ACM},
 address = {New York, NY, USA},
} 

@INPROCEEDINGS{Gutierrez:2017, 
author={S. K. Guti√©rrez and K. Davis and D. C. Arnold and 
        R. S. Baker and R. W. Robey and P. McCormick and 
        D. Holladay and J. A. Dahl and R. J. Zerr and F. Weik and 
        C. Junghans},
booktitle={2017 {IEEE} International Parallel and Distributed Processing Symposium ({IPDPS})},
title={Accommodating Thread-Level Heterogeneity in Coupled Parallel Applications},
year={2017},
pages={469-478},
keywords={libraries;message passing;multi-threading;MP-MT libraries;application executions;compute phases;compute resources;contemporary parallel job launchers;continuous production use;coupled parallel applications;hybrid parallel program models;internode parallelism;intranode parallelism;memory affinities;message passing;multithreading;production codes;programmable facilities;runtime environment dynamic reconfiguration;single-threaded processes;standard approach;static resource binding policies;thread-level heterogeneity accommodation;threading factors;time 1 year;Computational modeling;Hardware;Instruction sets;Libraries;Message systems;Parallel processing;Runtime;MPI;MPI+X;OpenMP;Pthreads},
doi={10.1109/IPDPS.2017.13},
month={May},
}

@misc{Flang:2018,
        author = "{Flang Fortran Compiler}", 
        title = "{Flang Fortran Compiler}", 
        howpublished = {\url{https://github.com/flang-compiler/flang}}
}

