# Put your BibTeX entries in this file.
@TECHREPORT {priedhorskyrrandlestc2016,
    author      = "Priedhorsky, R and Randles, TC",
    title       = "Charliecloud: Unprivileged containers for user-defined
software stacks in HPC",
    institution = "Los Alamos National Laboratory",
    year        = "2016",
    number      = "LA-UR-16-22370",
    note        = "available as
\url{http://permalink.lanl.gov/object/tr?what=info:lanl-repo/lareport/LA-UR-16-22370}"
}

@MISC {dockerinc,
    author       = "Docker Inc.",
    title        = "Docker",
    howpublished = "\url{https://www.docker.com}"
}

@MISC {pfsefigithub,
    author	 = "PFSEFI",
    title        = "{Parallel Fine-grained Soft Error Fault Injector (P-FSEFI)}",
    howpublished = "\url{https://github.com/lanl/PFSEFI"}"
}

@MISC {beeproject,
    author       = "BEE",
    title       = "{BEE}",
    howpublished = "\url{http://bee.dsscale.org}"
}

@INPROCEEDINGS {canonrsjacobsend,
    author    = "RS Canon and D Jacobsen",
    title     = "Shifter: Containers for HPC",
    booktitle = "Proceedings of the Cray User's Group",
    year      = "2016"
}

@ARTICLE {kurtzergmsochatvbauermw,
    author  = "Kurtzer GM, Sochat V, Bauer MW",
    title   = "Singularity: Scientific containers for mobility of compute",
    journal = "PLoS ONE",
    year    = "2017",
    month   = "may",
    note    = "available as \url{https://doi.org/10.1371/journal.pone.0177459}"
}

@INPROCEEDINGS{6877352, 
author={Q. Guan and N. Debardeleben and S. Blanchard and S. Fu}, 
booktitle={2014 IEEE 28th International Parallel and Distributed Processing
Symposium}, 
title={F-SEFI: A Fine-Grained Soft Error Fault Injection Tool for Profiling
Application Vulnerability}, 
year={2014}, 
volume={}, 
number={}, 
pages={1245-1254}, 
keywords={fault tolerant computing;operating systems (computers);parallel
processing;program compilers;public domain software;virtual machines;F-SEFI;HPC
applications;QEMU;application source code;compilers;data corruption;design
constraints;exascale computing;feature size;fine-grained soft error fault
injection tool;high performance computing community;open source virtual machine
hypervisor;operating systems;operating voltage;profiling application
vulnerability;soft errors;software robustness profiling;Benchmark
testing;Circuit faults;Hardware;Probes;Registers;Virtual machine
monitors;Virtual machining;High Performance Computing;fault
injection;resilience;soft error;vulnerability}, 
doi={10.1109/IPDPS.2014.128}, 
ISSN={1530-2075}, 
month={May},}
