
@inproceedings{DBLP:conf/ppopp/RawatRSPRS18,
  author    = {Prashant Singh Rawat and
               Fabrice Rastello and
               Aravind Sukumaran{-}Rajam and
               Louis{-}No{\"{e}}l Pouchet and
               Atanas Rountev and
               P. Sadayappan},
  title     = {Register optimizations for stencils on {GPUs}},
  booktitle = {Proceedings of the 23rd {ACM} {SIGPLAN} Symposium on Principles and
               Practice of Parallel Programming, PPoPP 2018, Vienna, Austria, February
               24-28, 2018},
  pages     = {168--182},
  year      = {2018},
  crossref  = {DBLP:conf/ppopp/2018},
  url       = {http://doi.acm.org/10.1145/3178487.3178500},
  doi       = {10.1145/3178487.3178500},
  timestamp = {Wed, 21 Feb 2018 08:59:00 +0100},
  biburl    = {https://dblp.org/rec/bib/conf/ppopp/RawatRSPRS18},
  bibsource = {dblp computer science bibliography, https://dblp.org}
}


@proceedings{PPoPP18,
  editor    = {Andreas Krall and
               Thomas R. Gross},
  title     = {Proceedings of the 23rd {ACM} {SIGPLAN} Symposium on Principles and
               Practice of Parallel Programming, PPoPP 2018, Vienna, Austria, February
               24-28, 2018},
  publisher = {{ACM}},
  year      = {2018},
  url       = {http://doi.acm.org/10.1145/3178487},
  doi       = {10.1145/3178487},
  timestamp = {Wed, 21 Feb 2018 08:52:54 +0100},
  biburl    = {https://dblp.org/rec/bib/conf/ppopp/2018},
  bibsource = {dblp computer science bibliography, https://dblp.org}
}


