% Encoding: UTF-8

@Article{Moreland2016:VTKm,
  author  = {Kenneth Moreland and Christopher Sewell and William Usher and Li-ta Lo and Jeremy Meredith and David Pugmire and James Kress and Hendrik Schroots and Kwan-Liu Ma and Hank Childs and Matthew Larsen and Chun-Ming Chen and Robert Maynard and Berk Geveci},
  title   = {{VTK-m}: Accelerating the Visualization Toolkit for Massively Threaded Architectures},
  journal = {IEEE Computer Graphics and Applications},
  year    = {2016},
  volume  = {36},
  number  = {3},
  pages   = {48--58},
  month   = {May/June},
  note    = {{DOI}~10.1109/MCG.2016.48},
}

@InCollection{ParaView,
  author    = {James Ahrens and Berk Geveci and Charles Law},
  title     = {{ParaView}: An End-User Tool for Large Data Visualization},
  booktitle = {Visualization Handbook},
  publisher = {Elesvier},
  year      = {2005},
  note      = {{ISBN}~978-0123875822},
}

@Book{VTK,
  title     = {The Visualization Toolkit: An Object Oriented Approach to {3D} Graphics},
  publisher = {Kitware Inc.},
  year      = {2004},
  author    = {Will Schroeder and Ken Martin and Bill Lorensen},
  edition   = {Fourth},
  note      = {{ISBN} 1-930934-19-X},
}

@InProceedings{Catalyst,
  author    = {Utkarsh Ayachit and Andrew Bauer and Berk Geveci and Patrick O'Leary and Kenneth Moreland and Nathan Fabian and Jeffrey Mauldin},
  title     = {ParaView Catalyst: Enabling In Situ Data Analysis and Visualization},
  booktitle = {Proceedings of the First Workshop on In Situ Infrastructures for Enabling Extreme-Scale Analysis and Visualization (ISAV 2015)},
  year      = {2015},
  pages     = {25--29},
  month     = {November},
  doi       = {10.1145/2828612.2828624},
}

@InProceedings{SPARC,
  author    = {Micah Howard and Andrew Bradley and Steven W. Bova and James Overfelt and Ross Wagnild and Derek Dinzl and Mark Hoemmen and Alicia Klinvex},
  title     = {Towards Performance Portability in a Compressible CFD Code},
  booktitle = {{AIAA} Computational Fluid Dynamics Conference},
  year      = {2017},
  series    = {{AIAA AVIATION Forum}},
}

@Misc{Nalu,
  title = {{NaluCFD} webpage},
  note  = {\url{http://nalucfd.org/}},
}

@InProceedings{SPARTA,
  author    = {M. A. Gallis and J. R. Torczynski and S. J. Plimpton and D. J. Rader and T. Koehler},
  title     = {Direct Simulation Monte Carlo: The Quest for Speed},
  booktitle = {29th Intl Symposium on Rarefied Gas Dynamics},
  year      = {2014},
  series    = {AIP Conference Proceedings},
  note      = {\url{http://sparta.sandia.gov}},
}

@InProceedings{Satish2010,
  author    = {Nadathur Satish and Changkyu Kim and Jatin Chhugani and Anthony D. Nguyen and Victor W. Lee and Daehyun Kim and Pradeep Dubey},
  title     = {{Fast Sort on CPUs and GPUs: A Case for Bandwidth Oblivious SIMD Sort}},
  booktitle = {Proceedings of the 2010 ACM SIGMOD International Conference on Management of data (SIGMOD '10)},
  year      = {2010},
  pages     = {351--362},
}

@inproceedings{AuBaKo16,  
author = {Woody Austin and Grey Ballard and Tamara G. Kolda}, 
title = {Parallel Tensor Compression for Large-Scale Scientific Data}, 
booktitle = {IPDPS'16: Proceedings of the 30th IEEE International Parallel and Distributed Processing Symposium},
venue = {Chicago, IL},
eventdate = {2016-05-23/2016-05-27}, 
pages = {912--922}, 
month = may, 
year = {2016},
doi = {10.1109/IPDPS.2016.67},
eprint = {1510.06689},
}

@misc{TuckerMPI-git,
  title = {{TuckerMPI}},
  howpublished = {\url{https://gitlab.com/tensors/TuckerMPI}},
}

@Comment{jabref-meta: databaseType:bibtex;}

# Put your BibTeX entries in this file.
