@TechReport{Bernholdt:2018:survey-tr,
  author = 	 {David E. Bernholdt and Swen Boehm and George Bosilca
                  and Manjunath {Gorentla Venkata} and Ryan E. Grant
                  and Thomas Naughton and Howard P. Pritchard and
                  Martin Schulz and Geoffroy R. Vallee},
  title = 	 {A Survey of {MPI} Usage in the {U.S.} {E}xascale
                  {C}omputing {P}rogram},
  institution =  {Oak Ridge National Laboratory},
  year = 	 2018,
  number = 	 {ORNL/SPR-2018/790},
  note = 	 {Will be available at
                  \url{https://info.ornl.gov/sites/publications/Files/Pub108588.pdf}
                  and eventually searchable by report number at \url{https://www.osti.gov/}.}}

@Misc{Bernholdt:2017:smu-talk,
  author = 	 {David E. Bernholdt and Swen Boehm and George Bosilca
                  and Manjunath {Gorentla Venkata} and Ryan E. Grant
                  and Thomas Naughton and Howard P. Pritchard and
                  Martin Schulz and Geoffroy R. Vallee},
  title = 	 {A Survey of {MPI} Usage in the {U.S.} {E}xascale
                  {C}omputing {P}rogram},
  howpublished = {talk at ExaMPI 2017 workshop, Denver, CO},
  month = 	 {November},
  year = 	 2017}

 @inproceedings{icl:957,
   author      = {Eberius, D. and Patinyasakdikul, T. and Bosilca, G.},
   title       = {{Using Software-Based Performance Counters to Expose Low-Level Open MPI Performance Information}},
   booktitle   = {Proceedings of the 24th European MPI Users' Group Meeting},
   institution = {Innovative Computing Laboratory, University of Tennessee},
   pages       = {Article No. 7},
   address     = {Chicago, IL},
   month       = {September},
   year        = {2017}
 }
