# Put your BibTeX entries in this file.

@inproceedings{Ahn:2014:Flux,
	Author = {Dong H. Ahn and Jim Garlick and Mark Grondona and Don Lipari and Becky Springmeyer and Martin Schulz},
	Booktitle = {Proceedings of the 10th International Workshop on Scheduling and Resource Management for Parallel and Distributed Systems},
	Location = {Minneapolis, MN, USA},
	Month = {September},
	Title = {Flux: A Next-Generation Resource Management Framework for {Large} HPC Centers},
	Year = 2014}

@inproceedings{SLURM,
	Author = {Yoo, Andy B. and Jette, Morris A. and Grondona, Mark},
	Booktitle = {Proceedings of the 9th International Workshop on Job Scheduling Strategies for Parallel Processing (JSSPP)},
	Month = {June},
	Title = {{SLURM}: Simple Linux Utility for Resource Management},
	Year = 2003}

@misc{MOAB,
	Howpublished = {\url{http://www.adaptivecomputing.com/}},
	Note = {Retrieved April 03, 2017},
	Title = {The {Moab} Workload Manager},
	Year = 2017}

@misc{LSF,
	Howpublished = {\url{https://www.ibm.com/}},
	Note = {Retrieved April 03, 2017},
	Title = {{IBM} Spectrum {LSF}},
	Year = 2017}

@misc{PBSPro,
	Howpublished = {\url{https://github.com/PBSPro/pbspro}},
	Note = {Retrieved August 8, 2018},
	Organization = {Altair},
	Title = {{PBSPro: An HPC workload manager and job scheduler for desktops, clusters, and clouds}},
	Year = 2018}

@inproceedings{FluxSC18,
	Author = {Dong H. Ahn and Ned Bass and Albert Chu and Jim Garlick and Mark Grondona and Stephen Herbein and Joseph Koning and Tapasya Patki and Thomas R. W. Scogland and Becky Springmeyer},
	Booktitle = {Proceedings of the 13th Workshop on Workflows in Support of Large-Scale Science},
	Location = {Dallas, Texas},
	Series = {WORKS '18},
	Title = {Flux: Overcoming Scheduling Challenges for Exascale Workflows},
	Year = {2018}}
