%% This BibTeX bibliography file was created using BibDesk.
%% https://bibdesk.sourceforge.io/

%% Created for Gamblin, Todd at 2018-12-15 13:53:11 -0800 


%% Saved with string encoding Unicode (UTF-8) 



@misc{mendoza:jupyterhub-ssl,
	Author = {Thomas Mendoza},
	Date-Added = {2018-12-15 13:31:20 -0800},
	Date-Modified = {2018-12-15 13:32:41 -0800},
	Howpublished = {{Online, GitHub}},
	Month = {July},
	Title = {{Pull Request to JupyterHub: End-to-end SSL (merged)}},
	Url = {https://github.com/jupyterhub/jupyterhub/pull/2055},
	Year = {2018}}

@inproceedings{gamblin+:sc18-spack-bof,
	Address = {Dallas, TX},
	Author = {Todd Gamblin and Adam Stewart and Johannes Albert-von der G\"{o}nna an Marc P\'{e}rache and Matt Belhorn},
	Booktitle = {{Supercomputing 2018}},
	Date-Added = {2018-12-15 13:23:39 -0800},
	Date-Modified = {2018-12-15 13:25:11 -0800},
	Month = {November 13},
	Title = {{Spack Community Birds-of-a-Feather Session}},
	Year = {2018},
	Bdsk-Url-1 = {http://spack.readthedocs.io/en/latest/tutorial_sc16.html}}

@inproceedings{gamblin+:sc18-spack-tutorial,
	Address = {Dallas, TX},
	Author = {Todd Gamblin and Gregory Becker and Massimiliano Culpo and Gregory L. Lee and Matt Legendre and Mario Melara and Adam J. Stewart},
	Booktitle = {{Supercomputing 2018}},
	Date-Added = {2018-12-15 13:23:31 -0800},
	Date-Modified = {2018-12-15 13:23:31 -0800},
	Month = {November 12},
	Note = {Full day},
	Title = {{Tutorial: Managing HPC Software Complexity with Spack}},
	Url = {https://spack.readthedocs.io/en/latest/tutorial.html},
	Year = {2018},
	Bdsk-Url-1 = {http://spack.readthedocs.io/en/latest/tutorial_sc16.html}}

@inproceedings{gamblin+:sc17-spack-tutorial,
	Address = {Salt Lake City, Utah},
	Author = {Todd Gamblin and Gregory Becker and Massimiliano Culpo and Gregory L. Lee and Matt Legendre and Mario Melara and Adam J. Stewart},
	Booktitle = {{Supercomputing 2017}},
	Date-Added = {2018-04-16 07:44:22 +0000},
	Date-Modified = {2018-04-16 07:44:22 +0000},
	Month = {November 13},
	Note = {Full day},
	Title = {{Tutorial: Managing HPC Software Complexity with Spack}},
	Url = {https://spack.readthedocs.io/en/latest/tutorial.html},
	Year = {2017},
	Bdsk-Url-1 = {http://spack.readthedocs.io/en/latest/tutorial_sc16.html}}

@inproceedings{gamblin+:sc16-spack-tutorial,
	Address = {Salt Lake City, Utah},
	Author = {Todd Gamblin and Massimiliano Culpo and Gregory Becker and Matt Legendre and Greg Lee and Elizabeth Fischer and Benedikt Hegner},
	Booktitle = {{Supercomputing 2016}},
	Date-Added = {2018-04-16 07:44:22 +0000},
	Date-Modified = {2018-04-16 07:44:22 +0000},
	Month = {November 13},
	Note = {Half day},
	Title = {{Tutorial: Managing HPC Software Complexity with Spack}},
	Url = {https://spack.readthedocs.io/en/latest/tutorial.html},
	Year = {2016},
	Bdsk-Url-1 = {http://spack.readthedocs.io/en/latest/tutorial_sc16.html}}

@manual{gamblin+:llnl-spack-tutorial-17,
	Address = {Lawrence Livermore National Laboratory, Livermore, CA},
	Author = {Gregory Becker and Matt Legendre and Todd Gamblin},
	Date-Added = {2018-04-16 07:44:22 +0000},
	Date-Modified = {2018-04-16 07:44:22 +0000},
	Institution = {LLNL},
	Month = {April 6},
	Note = {Half day},
	Organization = {Livermore Computing},
	Title = {{Tutorial: Spack for HPC}},
	Year = {2017}}

@inproceedings{gamblin+:ecp18-spack-tutorial,
	Address = {Knoxville, TN},
	Author = {Todd Gamblin and Gregory Becker and Peter Scheibel and Matt Legendre and Mario Melara},
	Booktitle = {{Exascale Computing Project 2nd Annual Meeting}},
	Date-Added = {2018-04-16 07:44:22 +0000},
	Date-Modified = {2018-04-16 07:44:22 +0000},
	Month = {February 6-8},
	Note = {Half day},
	Title = {{Managing HPC Software Complexity with Spack}},
	Year = {2018}}

@inproceedings{gamblin:hpckp17,
	Address = {San Sebasti{\'a}n, Spain},
	Author = {Todd Gamblin},
	Booktitle = {{HPC Knowledge Meeting (HPCKP'17)}},
	Date-Added = {2018-04-16 07:44:22 +0000},
	Date-Modified = {2018-04-16 07:44:22 +0000},
	Month = {June 16},
	Note = {2 hours},
	Title = {{Tutorial: Managing HPC Software Complexity with Spack}},
	Url = {http://www.hpckp.org/index.php/conference/2017/170-managing-hpc-software-complexity-with-spack},
	Year = {2017},
	Bdsk-Url-1 = {http://spack.readthedocs.io/en/latest/tutorial_sc16.html}}

@inproceedings{melara+:cug17,
	Address = {Seattle, WA},
	Author = {Mario Melara and Todd Gamblin and Gregory Becker and Robert French and Matt Belhorn and Kelly Thompson and Peter Scheibel and Rebecca Hartman-Baker},
	Booktitle = {Cray Users Group (CUG 2017)},
	Date-Added = {2018-04-16 07:43:27 +0000},
	Date-Modified = {2018-04-16 07:43:27 +0000},
	Month = {May 7-11},
	Title = {{Using Spack to Manage Software on Cray Supercomputers}},
	Year = {2017}}

@inproceedings{becker+:hust16,
	Address = {Salt Lake City, UT},
	Author = {Gregory Becker and Peter Scheibel and Matthew P. LeGendre and Todd Gamblin},
	Booktitle = {Second International Workshop on HPC User Support Tools (HUST'16)},
	Date-Added = {2018-04-16 07:43:27 +0000},
	Date-Modified = {2018-04-16 07:43:27 +0000},
	Keywords = {LLNL-CONF-701389},
	Month = {November 13},
	Title = {{Managing Combinatorial Software Installations with Spack}},
	Year = {2016}}

@inproceedings{gamblin:eb-user-meeting18,
	Address = {Amsterdam, The Netherlands},
	Author = {Todd Gamblin},
	Booktitle = {Easybuild User Meeting},
	Date-Added = {2018-04-16 07:41:54 +0000},
	Date-Modified = {2018-04-16 07:41:54 +0000},
	Month = {January 30},
	Title = {{Recent developments in Spack}},
	Year = {2018}}

@inproceedings{gamblin:ecp18-spack-sotu,
	Address = {Knoxville, TN},
	Author = {Todd Gamblin},
	Booktitle = {{Exascale Computing Project 2nd Annual Meeting}},
	Date-Added = {2018-04-16 07:41:54 +0000},
	Date-Modified = {2018-04-16 07:41:54 +0000},
	Month = {February 6-8, 2018},
	Note = {LLNL-PRES-746210},
	Title = {{Spack State of the Union}},
	Year = {2018}}

@inproceedings{gamblin:fosdem18-binary,
	Address = {Brussels, Belgium},
	Author = {Todd Gamblin},
	Booktitle = {{Free and Open source Software Developers' European Meeting (FOSDEM'18)}},
	Date-Added = {2018-04-16 07:41:54 +0000},
	Date-Modified = {2018-04-16 07:41:54 +0000},
	Month = {February 4},
	Note = {LLNL-PRES-745747},
	Title = {{Binary packaging for HPC with Spack}},
	Url = {https://fosdem.org/2018/schedule/event/llnl_spack/},
	Year = {2018},
	Bdsk-Url-1 = {https://fosdem.org/2018/schedule/event/llnl_spack/}}

@inproceedings{gamblin:fosdem18-compilers,
	Address = {Brussels, Belgium},
	Author = {Todd Gamblin},
	Booktitle = {{Free and Open source Software Developers' European Meeting (FOSDEM'18)}},
	Date-Added = {2018-04-16 07:41:54 +0000},
	Date-Modified = {2018-04-16 07:41:54 +0000},
	Month = {February 3},
	Note = {LLNL-PRES-745770},
	Title = {{How compilers affect dependency resolution in Spack}},
	Url = {https://fosdem.org/2018/schedule/event/spack/},
	Year = {2018},
	Bdsk-Url-1 = {https://fosdem.org/2018/schedule/event/spack/}}

@inproceedings{gamblin:pp18-spack,
	Address = {Tokyo, Japan},
	Author = {Todd Gamblin},
	Booktitle = {{SIAM Conference on Parallel Processing for Scientific Computing (PP'18)}},
	Date-Added = {2018-04-16 07:41:54 +0000},
	Date-Modified = {2018-04-16 07:41:54 +0000},
	Month = {March 7},
	Series = {Minisymposium on Productive Programming using Parallel Models, Tools and Scientific Workflows},
	Title = {{Decluttering HPC Software Chaos with SPACK}},
	Year = {2018}}

@inproceedings{Ahn:2014:Flux,
	Author = {Dong H. Ahn and Jim Garlick and Mark Grondona and Don Lipari and Becky Springmeyer and Martin Schulz},
	Booktitle = {Proceedings of the 10th International Workshop on Scheduling and Resource Management for Parallel and Distributed Systems},
	Location = {Minneapolis, MN, USA},
	Month = {September},
	Title = {Flux: A Next-Generation Resource Management Framework for {Large} HPC Centers},
	Year = 2014}

@inproceedings{SLURM,
	Author = {Yoo, Andy B. and Jette, Morris A. and Grondona, Mark},
	Booktitle = {Proceedings of the 9th International Workshop on Job Scheduling Strategies for Parallel Processing (JSSPP)},
	Month = {June},
	Title = {{SLURM}: Simple Linux Utility for Resource Management},
	Year = 2003}

@misc{MOAB,
	Howpublished = {\url{http://www.adaptivecomputing.com/}},
	Note = {Retrieved April 03, 2017},
	Title = {The {Moab} Workload Manager},
	Year = 2017}

@misc{LSF,
	Howpublished = {\url{https://www.ibm.com/}},
	Note = {Retrieved April 03, 2017},
	Title = {{IBM} Spectrum {LSF}},
	Year = 2017}

@misc{PBSPro,
	Howpublished = {\url{https://github.com/PBSPro/pbspro}},
	Note = {Retrieved August 8, 2018},
	Organization = {Altair},
	Title = {{PBSPro: An HPC workload manager and job scheduler for desktops, clusters, and clouds}},
	Year = 2018}

@inproceedings{FluxSC18,
	Author = {Dong H. Ahn and Ned Bass and Albert Chu and Jim Garlick and Mark Grondona and Stephen Herbein and Joseph Koning and Tapasya Patki and Thomas R. W. Scogland and Becky Springmeyer},
	Booktitle = {Proceedings of the 13th Workshop on Workflows in Support of Large-Scale Science},
	Location = {Dallas, Texas},
	Series = {WORKS '18},
	Title = {Flux: Overcoming Scheduling Challenges for Exascale Workflows},
	Year = {2018}}
