# Put your BibTeX entries in this file.
@inproceedings{rover-laney,
	author = {Daniel Laney et. al},
	title = {Hardware-accelerated Simulated Radiography},
	booktitle = {IEEE Visualization},
	year = {2005}
}

@article{rover-vtkm,
	author = {Kenneth Moreland et. al.},
	title = {Vtk-m: Accelerating the visualization toolkit for massively threaded architectures},
	volume = {36.3},
	year = {2016},
	pages = {48--58}
}

