# Put your BibTeX entries in this file.
@inproceedings{cognitive-VanEssen,
	author = {B. Van Essen et. al},
	title = {LBANN: Livermore Big Artificial Neural Network HPC toolkit},
	booktitle = {Workshop on Machine Learning in High Performance Computing Environments (MLHPC)},
	year = {2015}
}

@inproceedings{cognitive-Dryden,
	author = {N. Dryden et. al},
	title = {Communication quantization for data-parallel training of deep neural networks},
	booktitle = {Workshop on Machine Learning in High Performance Computing Environments (MLHPC'16)},
	year = {2016}
}

@inproceedings{cognitive-Jiang,
	author = {M. Jiang et. al},
	title = {A Supervised Learning Framework for Arbitrary Lagrangian-Eulerian Simulations},
	booktitle = {IEEE International Conference on Machine Learning and Applications},
	year = {2016}
}

@inproceedings{cognitive-Jacobs,
	author = {S.A. Jacobs et. al},
	title = {Towards Scalable Parallel Training of Deep Neural Networks},
	booktitle = {Workshop on Machine Learning in High Performance Computing Environments (MLHPC'17)},
	year = {2017}
}

