@inproceedings{FLiT2017,
  title={{FLiT}: Cross-platform floating-point result-consistency tester and workload},
  author={Geoffrey Sawaya and Michael Bentley and Ian Briggs and Ganesh Gopalakrishnan and Dong H. Ahn},
  booktitle={2017 IEEE International Symposium on Workload Characterization (IISWC)},
  year={2017},
  pages={229-238}
}

@inproceedings{swordopenmp2018,
  author = {Simone Atzeni and Ganesh Gopalakrishnan and Zvonimir Rakamari\'c and
     Ignacio Laguna and Greg L. Lee and Dong H. Ahn},
  title = {Sword: A Bounded Memory-Overhead Detector of {OpenMP} Data Races in
    Production Runs},
  booktitle = {Proceedings of the 32nd IEEE International Parallel and
    Distributed Processing Symposium ({IPDPS})},
  publisher = {IEEE},
  year = {2018},
  note = {To appear}
}

@inproceedings{pmodelconcurrency2018,
  title={Thread-Local Concurrency: A Technique to Handle Data Race Detection at Programming Model Abstraction},
  author = {Joachim Protze, Martin Schulz, Dong H. Ahn and Matthias S. Muller},
  booktitle={ACM Symposium on High-Performance Parallel and Distributed Computing (HPDC 2018)},
  year = {2018},
  note = {To appear}
}
