# Put your BibTeX entries in this file.

@String{IJNMF={Int. J. Numer. Meth. Fluids}}
@String{JCP  ={J. Comput. Phys.}}
@String{SISC={SIAM J. Sc. Comp.}}

@misc{MFEM,
key       = "MFEM",
title     = {{MFEM}: Modular Finite Element Methods Library},
howpublished = {\url{mfem.org}},
doi = {10.11578/dc.20171025.1248}
}

@misc{BLAST,
key        = "BLAST",
title      = "{BLAST}: {H}igh-order finite element {L}agrangian hydrocode",
note       = "{\url{https://computation.llnl.gov/projects/blast}}"
}

@article{BLAST18,
author = "R. W. Anderson and V. A. Dobrev and T. V. Kolev and R. N. Rieben and V. Z. Tomov",
title  = "High-Order Multi-Material {ALE} Hydrodynamics",
journal = SISC,
volume  = "40",
number  = "1",
pages   = "B32--B58",
year    = "2018"
}

@article{BLASTFCT18,
author = "V. A. Dobrev and T. V. Kolev and D. Kuzmin and R. N. Rieben and V. Z. Tomov",
title  = "Sequential limiting in continuous and discontinuous {G}alerkin methods for the {E}uler equations",
journal = JCP,
volume  = "356",
pages   = "372--390",
year    = "2018"
}

@article{BLASTFCT17,
author = "R. W. Anderson and V. A. Dobrev and T. V. Kolev and D. Kuzmin and M. Quezada de Luna and R. N. Rieben and V. Z. Tomov",
title  = "High-Order Local Maximum Principle Preserving {(MPP)} Discontinuous {G}alerkin Finite Element Method for the Transport Equation",
journal = JCP,
volume  = "334",
pages   = "102--124",
year    = "2017"
}

@article{BLAST16,
author = "V. A. Dobrev and T. V. Kolev and R. N. Rieben and V. Z. Tomov",
title  = "Multi-material closure model for high-order finite element
          {L}agrangian hydrodynamics",
journal = IJNMF,
volume  = "82",
number  = "10",
pages   = "689-706",
year    = "2016"
}

@article{BLAST14,
author  = "V. A. Dobrev and T. V. Kolev and R. N. Rieben",
title   = "High order curvilinear finite elements for elastic--plastic
           {L}agrangian dynamics",
journal = JCP,
volume  = "257, Part B",
number  = "",
pages   = "1062 - 1080",
year    = "2014"
}

@article{BLAST13,
author  = "V. A. Dobrev and T. E. Ellis and Tz. V. Kolev and R. N. Rieben",
title   = "High-Order Curvilinear Finite Elements for Axisymmetric
           {L}agrangian Hydrodynamics",
journal = "Computers and Fluids",
year    = "2013",
pages   = "58-69",
volume  = "83",
}

@article{BLAST12,
author  = "V. A. Dobrev and T. V. Kolev and R. N. Rieben",
title   = "High-Order Curvilinear Finite Element Methods for
           {L}agrangian Hydrodynamics",
journal = SISC,
volume  = {34},
number  = {5},
pages   = {B606-B641},
year    = {2012}
}

@article{BLAST11,
author  =  "V. A. Dobrev and T. E. Ellis and Tz. V. Kolev and R. N. Rieben",
title   =  "Curvilinear finite elements for {L}agrangian hydrodynamics",
journal = IJNMF,
volume  = {65},
number  = {11-12},
pages   = {1295--1310},
year    = {2011},
}
