# Put your BibTeX entries in this file.

@inproceedings{ Younge:Tale:2017,
author    = { Andrew Younge and Kevin Pedretti and Ryan E. Grant and
                  Ron Brightwell },
title     = { A Tale of Two Systems: {Using} Containers to Deploy {HPC}
                  Applications on Supercomputers and Clouds },
booktitle = { Proceedings of the 9th IEEE International Conference on
                  Cloud Computing Technology and Science (CloudCom) },
month     = { December },
year      = { 2017 }
}

@article{ Ferreira:Characterizing:2018,
author     = { Kurt Ferreira and Scott Levy and Kevin Pedretti and
                  Ryan E. Grant },
title      = { Characterizing {MPI} Matching via Trace-based
                  Simulation },
journal    = {Parallel Computing},
volume     = {77},
pages      = {57--83},
year       = {2018},
month      = {September}
}


